@online{mccoy-google-form,
    author = {David McCoy},
    title = {{How to Submit an HTML Form to Google Sheets\ldots without Google Forms}},
    url = {https://medium.com/@dmccoy/how-to-submit-an-html-form-to-google-sheets-without-google-forms-b833952cc175},
    date = {2017-06-10},
    urldate = {2018-12-19},
}

@online{copes-commit-npm,
    author = {Flavio Copes},
    title = {{Should you commit the node\_modules folder to Git?}},
    url = {https://flaviocopes.com/should-commit-node-modules-git/},
    date = {2018-08-06},
    urldate = {2018-12-19},
}

@online{williams-left-pad,
    author = {Chris Williams},
    title = {{How one developer just broke Node, Babel and thousands of projects in 11 lines of JavaScript}},
    url = {https://www.theregister.co.uk/2016/03/23/npm_left_pad_chaos/},
    date = {2016-03-23},
    urldate = {2018-12-19},
}

@online{fowler-ci,
    author = {Martin Fowler},
    title = {{Continuous Integration}},
    url = {https://martinfowler.com/articles/continuousIntegration.html},
    date = {2006-05-01},
    urldate = {2018-12-21},
}

@online{fowler-ci-original,
    author = {Martin Fowler},
    title = {{Continuous Integration (original version)}},
    url = {https://martinfowler.com/articles/originalContinuousIntegration.html},
    date = {2000-09-10},
    urldate = {2018-12-21},
}

@online{fowler-go,
    author = {Martin Fowler},
    title = {{Open-Sourcing ThoughtWorks Go}},
    url = {https://martinfowler.com/articles/go-interview.html},
    date = {2014-03-25},
    urldate = {2018-12-21},
}

@online{thoughtworks-gocd,
    author = {ThoughtWorks, Inc.},
    title = {{Continuous integration}},
    url = {https://www.thoughtworks.com/continuous-integration},
    year = {2018},
    urldate = {2018-12-21},
}

@online{tarreau-proxyprotocol,
    author = {Willy Tarreau, HAProxy Technologies},
    title = {{The PROXY protocol Versions 1 \& 2}},
    url = {https://www.haproxy.org/download/1.8/doc/proxy-protocol.txt},
    date = {2010-10-29},
    urldate = {2018-12-22},
}

@article{http-idempotent,
    title={Hypertext Transfer Protocol--HTTP/1.1},
    author={Leach, Paul J and Berners-Lee, Tim and Mogul, Jeffrey C and Masinter, Larry and Fielding, Roy T and Gettys, James},
    url = {https://tools.ietf.org/html/rfc2616#section-9.1.2},
    year = {1999},
    urldate = {2018-12-22},
}

@techreport{http-forwarded,
  title={Forwarded HTTP Extension},
  author={Petersson, Andreas and Nilsson, Martin},
  url = {https://www.rfc-editor.org/rfc/rfc7239.txt},
  year = {2014},
  urldate = {2018-12-22},
}

@online{hansen-xforwardedfor,
    author = {Robert Hansen},
    title = {{Top 3 Security Proxy Issues That No One Ever Told You}},
    url = {https://www.whitehatsec.com/blog/top-3-proxy-issues-that-no-one-ever-told-you/},
    date = {2013-03-26},
    urldate = {2018-12-22},
}


@inproceedings{kaiser-infuse,
    author = {Kaiser, Gail and Perry, Dewayne and Schell, W.M.},
    date = {1989},
    month = {10},
    pages = {552 - 558},
    title = {Infuse: fusing integration test management with change management},
    isbn = {0-8186-1964-3},
    doi = {10.1109/CMPSAC.1989.65147}
}
